@ARTICLE{welch1967spectra,
  author={Welch, P.},
  journal={IEEE Transactions on Audio and Electroacoustics}, 
  title={The use of fast Fourier transform for the estimation of power spectra: A method based on time averaging over short, modified periodograms}, 
  year={1967},
  volume={15},
  number={2},
  pages={70-73},
  keywords={Fast Fourier transforms;Testing;Fourier transforms;Shape;Aging;Time measurement;Demodulation;Stochastic processes;Reactive power},
  doi={10.1109/TAU.1967.1161901}}


@article{kolmogorov1991local,
  title={The local structure of turbulence in incompressible viscous fluid for very large Reynolds numbers},
  author={Kolmogorov, Andrei Nikolaevich},
  journal={Proceedings of the Royal Society of London. Series A: Mathematical and Physical Sciences},
  volume={434},
  number={1890},
  pages={9--13},
  year={1991},
  publisher={The Royal Society London}
}

@article{vonkarman1948,
  title={Progress in the Statistical Theory of Turbulence. Proceedings of the National Academy of Sciences},
  author={Von Karman, T.},
  journal={Proceedings of the National Academy of Sciences USA},
  volume={34},
  number={11},
  pages={530--539},
  year={1948}
}

@article{wilson1998turbulence,
  title={Turbulence models and the synthesis of random fields for acoustic wave propagation calculations},
  author={Wilson, D Keith},
  journal={Army Research Laboratory: Adelphi, MD, USA},
  year={1998},
  publisher={Citeseer}
}

@article{lee2015direct,
  title={Direct numerical simulation of turbulent channel flow up to},
  author={Lee, Myoungkyu and Moser, Robert D},
  journal={Journal of fluid mechanics},
  volume={774},
  pages={395--415},
  year={2015},
  publisher={Cambridge University Press}
}

@article{impactacoustique2023,
  title={Protocole de mesure de l'impact acoustique d'un parc éolien terrestre},
  year={2023},
  publisher={Ministère de la transition écologique et de la cohésion des territoires}
}

@book{mathieu2000introduction,
  title={An introduction to turbulent flow},
  author={Mathieu, Jean and Scott, Julian},
  year={2000},
  publisher={Cambridge University Press}
}
